@misc{ghc,
  author = {{GHC Team}},
  title = {{The Glorious Glasgow Haskell Compilation System User’s
                  Guide, Version 7.8.3}},
  date = {2014}
}

@article{milner:sml,
  title={{The Definition of Standard ML, revised edition}},
  author={Milner, Robin and Tofte, Mads and Harper, Robert and MacQueen, David},
  journal={MIT Press},
  volume={1},
  number={2},
  pages={2--3},
  year={1997}
}

@article{chakravarty:haskell-ffi,
  title={{The Haskell 98 foreign function interface 1.0}},
  author={Chakravarty, Manuel MT and Finne, Sigbjorn and Henderson, F and Kowalczyk, Marcin and Leijen, Daan and Marlow, Simon and Meijer, Erik and Panne, Sven and Jones, S Peyton and Reid, Alastair and others},
  journal={An Addendum to the Haskell Report}
}

@article{finne:hdirect,
  title={{H/Direct}: A binary foreign language interface for Haskell},
  author={Finne, Sigbjorn and Leijen, Daan and Meijer, Erik and Peyton Jones, Simon},
  journal={ACM SIGPLAN Notices},
  volume={34},
  number={1},
  pages={153--162},
  year={1999},
  publisher={ACM}
}

@article{blume2001no,
  title={No-longer-foreign: Teaching an ML compiler to speak C “natively”},
  author={Blume, Matthias},
  journal={Electronic Notes in Theoretical Computer Science},
  volume={59},
  number={1},
  pages={36--52},
  year={2001},
  publisher={Elsevier}
}

@incollection{pang:haskelloo,
  title={Interfacing {Haskell} with object-oriented languages},
  author={Pang, Andr{\'e} TH and Chakravarty, Manuel MT},
  booktitle={Implementation of Functional Languages},
  pages={20--35},
  year={2005},
  publisher={Springer}
}

@incollection{chakravarty:c2hs,
  title={{C {$\longrightarrow$} HASKELL}, or Yet Another Interfacing Tool},
  author={Chakravarty, Manuel MT},
  booktitle={Implementation of Functional Languages},
  pages={131--148},
  year={2000},
  publisher={Springer}
}

@inproceedings{mainland:quasiquotes,
  title={Why it's nice to be quoted: quasiquoting for {Haskell}},
  author={Mainland, Geoffrey},
  booktitle={Proceedings of the ACM SIGPLAN workshop on Haskell workshop},
  pages={73--82},
  year={2007},
  organization={ACM}
}

@inproceedings{kiselyov:regions,
  title={Lightweight monadic regions},
  author={Kiselyov, Oleg and Shan, Chung-chieh},
  booktitle={ACM Sigplan Notices},
  volume={44},
  number={2},
  pages={1--12},
  year={2008},
  organization={ACM}
}

@book{harper:pfpl,
  title={Practical foundations for programming languages},
  author={Harper, Robert},
  year={2012},
  publisher={Cambridge University Press}
}

@misc{tweag:H,
  title={H source repository},
  author={{Tweag I/O}},
  year={2014},
  url={\\http://github.com/tweag/H}
}
